@BOOK{P2P_1,
title={P2P (Peer-to-Peer) [{Э}лектронный ресурс]},
note={URL:~\url{https://ru.bmstu.wiki/P2P_(Peer-to-Peer)} (Дата обращения 24.05.2022). Загл. с экр. Яз. рус.},
}

@BOOK{P2P_2,
title={P2P [{Э}лектронный ресурс]},
note={URL:~\url{https://glebradchenko.susu.ru/courses/bachelor/odp/2013/SUSU_Distr_11_P2P.pdf} (Дата обращения 14.05.2022). Загл. с экр. Яз. рус.},
}

@ARTICLE{algorithm_old,
  author       = {Бредихин Сергей Всеволодович and Щербакова Наталья Григорьевна},
  title        = {Диагностика p2p-активности на основе анализа потоков NetFlow},
  journal      = {Проблемы информатики},
  year         = {2011},
  language     = {russia}
}

@ARTICLE{algorithm,
  title={Диагностика p2p-АКТИВНОСТИ на основе анализа потоков NetFlow},
  author={Бредихин, Сергей Всеволодович and Щербакова, Наталья Григорьевна},
  journal={Проблемы информатики},
  number={1},
  pages={40--51},
  year={2012},
  publisher={Федеральное государственное бюджетное учреждение науки {\guillemotleft}Институт~…},
  language = {russian}
}

@ARTICLE{30percent,
  author       = {Thomas Karagiannis and Konstantina Papagiannaki and Michalis Faloutsos},
  title        = {A Longitudinal Study of P2P Traffic Classification},
  journal      = {Proc. of 14th IEEE International Symposium on Modeling, Analysis, and Simulation},
  year         = {2005},
  language     = {english}
}

@ARTICLE{blinc,
  author       = {Thomas Karagiannis and
                  Konstantina Papagiannaki and
                  Michalis Faloutsos},
  editor       = {Roch Gu{\'{e}}rin and
                  Ramesh Govindan and
                  Greg Minshall},
  title        = {{BLINC:} multilevel traffic classification in the dark},
  booktitle    = {Proceedings of the {ACM} {SIGCOMM} 2005 Conference on Applications,
                  Technologies, Architectures, and Protocols for Computer Communications,
                  Philadelphia, Pennsylvania, USA, August 22-26, 2005},
  pages        = {229--240},
  publisher    = {{ACM}},
  year         = {2005},
  doi          = {10.1145/1080091.1080119},
  timestamp    = {Thu, 23 Sep 2021 11:47:37 +0200},
  biburl       = {https://dblp.org/rec/conf/sigcomm/KaragiannisPF05.bib},
  bibsource    = {dblp computer science bibliography, https://dblp.org}
}

@ARTICLE{layerid,
  author       = {Thomas Karagiannis and
                  Andre Broido and
                  Michalis Faloutsos and
                  Kimberly C. Claffy},
  editor       = {Alfio Lombardo and
                  James F. Kurose},
  title        = {Transport layer identification of {P2P} traffic},
  booktitle    = {Proceedings of the 4th {ACM} {SIGCOMM} Internet Measurement Conference,
                  {IMC} 2004, Taormina, Sicily, Italy, October 25-27, 2004},
  pages        = {121--134},
  publisher    = {{ACM}},
  year         = {2004},
  doi          = {10.1145/1028788.1028804},
  timestamp    = {Mon, 08 Jul 2019 07:25:59 +0200},
  biburl       = {https://dblp.org/rec/conf/imc/KaragiannisBFC04.bib},
  bibsource    = {dblp computer science bibliography, https://dblp.org}
}

@BOOK{seclab,
title={Обнаружение P2P трафика [{Э}лектронный ресурс]},
note={URL:~\url{https://www.securitylab.ru/analytics/240496.php} (Дата обращения 24.05.2022). Загл. с экр. Яз. рус.},
}

@BOOK{p2p-list,
title={List of well-known ports used by various peer-to-peer (P2P) protocols. [Электронный ресурс]},
note={URL:~\url{https://www.researchgate.net/figure/List-of-well-known-ports-used-by-various-peer-to-peer-P2P-protocols_tbl1_347789431} (Дата обращения 14.05.2022).  Загл. с экр. Яз. англ.},
}

@ARTICLE{bittorrent,
  author       = {Wanchai Ngiwlay and Chalermek Intanagonwiwat and Yunyong Teng-amnuay},
  title        = {Bittorrent peer identification based on behaviors of a choke algorithm},
  journal      = {Association for Computing Machinery},
  year         = {2008},
  language     = {english}
}

@BOOK{IANA,
title={Предупреждение о задействовании UPnP/SSDP в качестве усилителя DDoS-атак. [{Э}лектронный ресурс]},
note={URL:~\url{https://www.opennet.ru/opennews/art.shtml?num=46780} (Дата обращения 03.06.2022).  Загл. с экр. Яз. рус.},
}

